@article{moritz2014learning,
  title={Learning to coexist with wildfire},
  author={Moritz, Max A and Batllori, Enric and Bradstock, Ross A and Gill, A Malcolm and Handmer, John and Hessburg, Paul F and Leonard, Justin and McCaffrey, Sarah and Odion, Dennis C and Schoennagel, Tania and others},
  journal={Nature},
  volume={515},
  number={7525},
  pages={58--66},
  year={2014},
  publisher={Nature Publishing Group}
}

@article{riutort2020practical,
  title={Practical Hilbert space approximate Bayesian Gaussian processes for probabilistic programming},
  author={Riutort-Mayol, Gabriel and B{\"u}rkner, Paul-Christian and Andersen, Michael R and Solin, Arno and Vehtari, Aki},
  journal={arXiv preprint arXiv:2004.11408},
  year={2020}
}


@article{carpenter2017stan,
  title={Stan: A probabilistic programming language},
  author={Carpenter, Bob and Gelman, Andrew and Hoffman, Matthew D and Lee, Daniel and Goodrich, Ben and Betancourt, Michael and Brubaker, Marcus and Guo, Jiqiang and Li, Peter and Riddell, Allen},
  journal={Journal of statistical software},
  volume={76},
  number={1},
  year={2017},
  publisher={Columbia Univ., New York, NY (United States); Harvard Univ., Cambridge, MA~â€¦}
}


@article{stephenson2021preliminary,
  title={Preliminary estimates of sequoia mortality in the 2020 Castle Fire},
  author={Stephenson, Nathan and Brigham, Christy and Cag, Sue and Caprio, Conservationist Anthony and Flickinger, Joshua and Hardlund, Linnea and Hart, Rodney and Hardwick, Paul and Mutch, Linda and Inventory, Sierra Nevada and others},
  year={2021}
}
